@ARTICLE{test1,
    author={G. A. {Akpakwu} and B. J. {Silva} and G. P. {Hancke} and A. M. {Abu-Mahfouz}},
    journal={IEEE Access},
    title={A Survey on 5G Networks for the Internet of Things: Communication Technologies and Challenges},
    year={2018},
    volume={6},
    number={},
    pages={3619-3647},
    doi={10.1109/ACCESS.2017.2779844},
    ISSN={2169-3536},
    month={},}

@article{test2,
    title={Device-to-Device Communications for 5G Internet of Things},
    volume={1},
    DOI={10.4108/eai.26-10-2015.150598},
    number={1},
    journal={EAI Endorsed Transactions on Internet of Things},
    author={Militano, L. and Araniti, G. and Condoluci, M. and Farris, I. and Iera, A.},
    year={2015},
    pages={150598},}