@ARTICLE{jaskowski,  author={W. {Jaśkowski}},  journal={IEEE Transactions on Games},  title={Mastering 2048 With Delayed Temporal Coherence Learning, Multistage Weight Promotion, Redundant Encoding, and Carousel Shaping},   year={2018},  volume={10},  number={1},  pages={3-14},}

@article{pedagogy,
    author = {Neller, Todd W.},
    title = {Pedagogical Possibilities for the 2048 Puzzle Game},
    year = {2015},
    issue_date = {January 2015},
    publisher = {Consortium for Computing Sciences in Colleges},
    address = {Evansville, IN, USA},
    volume = {30},
    number = {3},
    issn = {1937-4771},
    journal = {J. Comput. Sci. Coll.},
    month = jan,
    pages = {38–46},
    numpages = {9}
}

@misc{2048,
    author = "{Gabriele Cirulli}",
    title = "2048 ",
    year = "2018",
    url = "https://github.com/gabrielecirulli/2048",
    note = "[Online; accessed 12-April-2020]"
}

@article{deepBlue,
  title={Deep blue},
  author={Campbell, Murray and Hoane Jr, A Joseph and Hsu, Feng-hsiung},
  journal={Artificial intelligence},
  volume={134},
  number={1-2},
  pages={57--83},
  year={2002},
  publisher={Elsevier}
}
  
@ARTICLE{dota,
       author = {{OpenAI} and {:} and {Berner}, Christopher and {Brockman}, Greg and
         {Chan}, Brooke and {Cheung}, Vicki and {D{\k{e}}biak}, Przemys{\l}aw and
         {Dennison}, Christy and {Farhi}, David and {Fischer}, Quirin and
         {Hashme}, Shariq and {Hesse}, Chris and {J{\'o}zefowicz}, Rafal and
         {Gray}, Scott and {Olsson}, Catherine and {Pachocki}, Jakub and
         {Petrov}, Michael and {Pond{\'e} de Oliveira Pinto}, Henrique and
         {Raiman}, Jonathan and {Salimans}, Tim and {Schlatter}, Jeremy and
         {Schneider}, Jonas and {Sidor}, Szymon and {Sutskever}, Ilya and
         {Tang}, Jie and {Wolski}, Filip and {Zhang}, Susan},
        title = "{Dota 2 with Large Scale Deep Reinforcement Learning}",
      journal = {arXiv e-prints},
     keywords = {Computer Science - Machine Learning, Statistics - Machine Learning},
         year = 2019,
        month = dec,
          eid = {arXiv:1912.06680},
        pages = {arXiv:1912.06680},
archivePrefix = {arXiv},
       eprint = {1912.06680},
 primaryClass = {cs.LG},
       adsurl = {https://ui.adsabs.harvard.edu/abs/2019arXiv191206680O},
      adsnote = {Provided by the SAO/NASA Astrophysics Data System}
}  
  
@misc{starcraft,
    author = "{The AlphaStar team}",
    title = "AlphaStar: Grandmaster level in StarCraft II using multi-agent reinforcement learning",
    year = "2019",
    url = "https://deepmind.com/blog/article/AlphaStar-Grandmaster-level-in-StarCraft-II-using-multi-agent-reinforcement-learning",
    note = "[Online; accessed 12-April-2020]"
  }  
  
@article{alphago,
  title={Mastering the game of Go with deep neural networks and tree search},
  author={Silver, David and Huang, Aja and Maddison, Chris J and Guez, Arthur and Sifre, Laurent and Van Den Driessche, George and Schrittwieser, Julian and Antonoglou, Ioannis and Panneershelvam, Veda and Lanctot, Marc and others},
  journal={nature},
  volume={529},
  number={7587},
  pages={484},
  year={2016},
  publisher={Nature Publishing Group}
}

@misc{mcts_medium,
    author = "{Sagar Sharma}",
    title = "Monte Carlo Tree Search --- {towards data science}",
    year = "2018",
    url = "https://towardsdatascience.com/monte-carlo-tree-search-158a917a8baa",
    note = "[Online; accessed 9-April-2020]"
}

@INPROCEEDINGS{mcts_comparison,  author={C. F. {Sironi} and M. H. M. {Winands}},  booktitle={2019 IEEE Conference on Games (CoG)},  title={Comparing Randomization Strategies for Search-Control Parameters in Monte-Carlo Tree Search},   year={2019},  volume={},  number={},  pages={1-8},}

@INPROCEEDINGS{7162574, author={Q. {Wang} and C. {Liu} and Y. {Wang} and D. {Chen}}, booktitle={The 27th Chinese Control and Decision Conference (2015 CCDC)}, title={Move generation and search strategy research for computer game of checkers}, year={2015}, volume={}, number={}, pages={3727-3731},}

@online{blog_maths_2048,
    author = {Lê Nguyên Hoang},
    title = {The Addictive Mathematics of the 2048 Tile Game},
    year = 2014,
    howpublished = {\url{http://www.science4all.org/article/2048-game/}}
}

@online{blog_optimum_2048,
    author = {Robert Xiao},
    title = {What is the optimal algorithm for the game 2048?},
    year = 2014,
    howpublished = {\url{https://github.com/nneonneo/2048-ai}}
}

@online{gjdanis,
    author = {gjdanis},
    title = {2048 Python game and AI},
    year = 2015,
    howpublished = {\url{https://gjdanis.github.io/2015/09/27/2048-game-and-ai/}}
}


@misc{Maryam,
    author = {Maryam Shoaran},
    title = {Expectimax Search},
    year = {2015},
    howpublished = {\url{https://web.uvic.ca/~maryam/AISpring94/Slides/06_ExpectimaxSearch.pdf}},
    note = "[Online; accessed 12-April-2020]"
}

@misc{Dan,
    author = {Dan Klein,  Pieter Abbeel},
    title = {Adversarial Search},
    publisher = {UC Berkeley},
    howpublished = {\url{https://inst.eecs.berkeley.edu/~cs188/fa18/assets/slides/lec6/FA18_cs188_lecture6_adversarial_search_1pp.pdf}},
    note = "[Online; accessed 12-April-2020]"
}


@misc{
2048_python_git,
    author = "{yangshun}",
    title = "2048-python",
    year = "2014",
    url = "https://github.com/yangshun/2048-python",
    note = "[Online; accessed 9-April-2020]"
}

@misc{yangshun,
    author = {yangshun},
    title = {2048-python},
    year = {2014},
    publisher = {GitHub},
    journal = {GitHub repository},
    howpublished = {\url{https://github.com/yangshun/2048-python}},
}

@misc{AI-RKRS,
    author = {thededlier},
    title = {AI-RKRS},
    year = {2020},
    publisher = {GitHub},
    journal = {GitHub repository},
    howpublished = {\url{https://github.com/thededlier/AI-RKRS}},
}

@online{blog_2048_weight_matrix,
    author = {trnqctng},
    title = {2048 AI – The Intelligent Bot},
    year = 2014,
    howpublished = {\url{https://codemyroad.wordpress.com/2014/05/14/2048-ai-the-intelligent-bot/}}
}

@misc{Tkinter,
    author = {Guido van Rossum},
    title = {Python interface to Tcl/Tk},
    year = {2020},
    publisher = {Python Software Foundation },
    journal = {Python Software Foundation },
    howpublished = {\url{https://docs.python.org/2/library/tkinter.html}},
}

@article{watkins1992q,
  title={Q-learning},
  author={Watkins, Christopher JCH and Dayan, Peter},
  journal={Machine learning},
  volume={8},
  number={3-4},
  pages={279--292},
  year={1992},
  publisher={Springer}
}

@misc{dqnGit,
author={Navjinder Virdee},
title={2048 Deep Reinforcement Learning},
year={2018},
url={https://github.com/navjindervirdee/2048-deep-reinforcement-learning},
}

@article{mnih2013playing,
  title={Playing atari with deep reinforcement learning},
  author={Mnih, Volodymyr and Kavukcuoglu, Koray and Silver, David and Graves, Alex and Antonoglou, Ioannis and Wierstra, Daan and Riedmiller, Martin},
  journal={arXiv preprint arXiv:1312.5602},
  year={2013}
}

@article{mnih2015human,
  title={Human-level control through deep reinforcement learning},
  author={Mnih, Volodymyr and Kavukcuoglu, Koray and Silver, David and Rusu, Andrei A and Veness, Joel and Bellemare, Marc G and Graves, Alex and Riedmiller, Martin and Fidjeland, Andreas K and Ostrovski, Georg and others},
  journal={Nature},
  volume={518},
  number={7540},
  pages={529--533},
  year={2015},
  publisher={Nature Publishing Group}
}

@inproceedings{szubert2014temporal,
  title={Temporal difference learning of n-tuple networks for the game 2048},
  author={Szubert, Marcin and Ja{\'s}kowski, Wojciech},
  booktitle={2014 IEEE Conference on Computational Intelligence and Games},
  pages={1--8},
  year={2014},
  organization={IEEE}
}

@article{jaskowski2014systematic,
  title={Systematic n-tuple networks for position evaluation: Exceeding 90\% in the othello league},
  author={Ja{\'s}kowski, Wojciech},
  journal={arXiv preprint arXiv:1406.1509},
  year={2014}
}

@inproceedings{thill2012reinforcement,
  title={Reinforcement Learning with N-tuples on the Game Connect-4},
  author={Thill, Markus and Koch, Patrick and Konen, Wolfgang},
  booktitle={International Conference on Parallel Problem Solving from Nature},
  pages={184--194},
  year={2012},
  organization={Springer}
}

@article{sutton1988learning,
  title={Learning to predict by the methods of temporal differences},
  author={Sutton, Richard S},
  journal={Machine learning},
  volume={3},
  number={1},
  pages={9--44},
  year={1988},
  publisher={Springer}
}


@inproceedings{tensorflow,
  title={Tensorflow: A system for large-scale machine learning},
  author={Abadi, Mart{\'\i}n and Barham, Paul and Chen, Jianmin and Chen, Zhifeng and Davis, Andy and Dean, Jeffrey and Devin, Matthieu and Ghemawat, Sanjay and Irving, Geoffrey and Isard, Michael and others},
  booktitle={12th $\{$USENIX$\}$ Symposium on Operating Systems Design and Implementation ($\{$OSDI$\}$ 16)},
  pages={265--283},
  year={2016}
}